% Hier kommen Referenzen hinein
% Damit diese auch gefunden werden, muss im Hauptverzeichnis
% bibtex "datei.aux" also hier diplom.aux ausgef√ºhrt werden 

@Online{meoverview,
	author = {Abhishek Girotra },
	title = {Motion Estimation An Overview},
	url = { http://sitemaker.umich.edu/agirotra/files/SANPre.ppt},
	year = {2002},
}


@thesis{appStore,
	author = {Wikipedia},
	title = {App Store (iOS)},
	date = {24.10.2013 },
	url = {http://de.wikipedia.org/wiki/App_Store_%28iOS%29},
}
