
@online{appStore,
ALTauthor = {Wikipedia},
title = {App Store (iOS)},
date = {24.10.2013},
url = {http://de.wikipedia.org/wiki/App_Store_%28iOS%29},
}
